2768 4876
474 435 705 484 1111111111.
1093 415 1115 485 5

64 607 302 704 incomplexa
344 608 547 704 intelligere
591 610 681 706 quid
716 610 783 682 sibi
817 610 930 682 velint
973 610 1116 705 singula

63 730 248 804 Orationis
265 731 374 828 hujus
392 732 582 819 vocabula,
601 733 796 830 complexa
818 758 905 806 vero
925 734 1014 829 quid
1034 742 1115 829 tota

64 853 135 927 sibi
158 855 245 927 velit
271 853 435 928 Orati0¹:
464 856 560 935 Quin
587 863 624 928 et
647 856 760 952 ipsius
784 857 940 929 Naturae
960 856 1113 931 lumine¹

63 977 244 1074 intelligo,
272 980 356 1052 Duo
386 978 562 1075 quaelibet
587 979 733 1075 objecta
760 980 818 1053 vel
842 980 938 1053 inter
965 1005 1004 1053 se
1028 1005 1114 1053 con·

63 1101 202 1187 venire,
219 1102 278 1174 vel
295 1126 370 1175 non
396 1103 604 1188 convenire,
622 1111 660 1174 et
681 1102 834 1199 proinde
858 1103 974 1175 altera
993 1105 1115 1200 Copu-

62 1223 183 1296 larum
212 1249 289 1298 esse
310 1225 523 1321 jungenda:
566 1227 742 1299 Nondum
773 1234 897 1298 tamen
925 1226 994 1299 feci
1017 1227 1116 1323 judi·

64 1347 162 1419 cium
194 1348 312 1422 donec
342 1349 520 1445 Copulam
553 1349 883 1435 determinaverim,
913 1350 935 1421 i.
955 1375 985 1422 e.
1016 1352 1115 1448 apud

62 1473 244 1569 meipsum
263 1473 452 1545 statuerim
471 1472 552 1544 haec
578 1473 662 1544 Duo
685 1471 854 1568 Objecta,
878 1473 1112 1571 Triangulum

61 1595 316 1691 aequilaterum,
359 1603 397 1667 et
447 1596 680 1693 Triangulum
726 1596 999 1692 aequiangulum,
1043 1599 1111 1670 hac

64 1719 211 1814 Copula
237 1720 320 1804 Est,
343 1742 419 1790 non
444 1725 568 1791 autem
592 1719 707 1790 altera
731 1719 917 1806 Non-Est,
941 1730 1111 1817 oportere

64 1842 251 1938 conjungi.

115 1965 150 2037 3.
176 1961 400 2050 Discursusk,
418 1973 473 2036 est
497 1973 620 2035 motus
644 1964 718 2035 sive
743 1988 956 2060 progressus
979 1970 1112 2041 mentis

103 2192 330 2269 ¹Gouception,
352 2192 405 2250 the
426 2191 661 2267 Apprehension
687 2191 721 2248 of
741 2192 846 2267 Logic,
869 2193 991 2268 implies
1016 2196 1111 2252 cousi-

62 2281 188 2366 derably
201 2309 286 2348 more
307 2291 381 2347 than
403 2289 455 2347 the
477 2306 559 2346 mere
581 2287 826 2364 understauding
845 2289 879 2346 of
895 2290 947 2347 the
967 2293 1112 2368 meaning

61 2385 98 2444 of
113 2387 212 2462 words
234 2406 268 2444 or
290 2393 460 2444 sentences.
501 2384 529 2441 A
549 2385 631 2442 word
652 2403 688 2442 or
709 2391 853 2443 sentence
875 2405 944 2462 may
964 2386 1003 2444 be
1024 2388 1109 2446 intel·

60 2466 167 2559 ligible
179 2483 267 2540 when
279 2484 331 2540 the
343 2483 450 2540 notiori
464 2481 605 2558 signifiod
616 2481 642 2538 is
657 2481 899 2548 inconceivable;
922 2481 1042 2551 indeed,
1057 2484 1110 2542 the

60 2581 209 2656 meaning
229 2580 263 2636 of
282 2598 300 2637 a
318 2579 400 2636 word
421 2585 506 2635 must
524 2578 562 2636 be
582 2578 777 2645 understood,
797 2579 900 2636 before
914 2597 958 2636 we
979 2597 1036 2637 can
1058 2598 1110 2657 say

59 2677 198 2734 whether
225 2677 277 2733 the
305 2674 544 2750 corresponding
571 2673 671 2748 object
704 2673 730 2730 is
765 2675 955 2732 conceivable
984 2693 1019 2732 or
1044 2683 1108 2733 not.

59 2773 251 2848 conception
272 2772 402 2829 consiste
422 2772 454 2827 in
475 2789 514 2828 111
534 2772 615 2846 111119
634 2771 667 2844 of
683 2773 907 2843 representation,
927 2770 946 2826 i.
959 2789 983 2828 e
1005 2771 1037 2828 in
1056 2772 1109 2830 the

56 2886 161 2944 power
181 2867 215 2925 of
232 2867 365 2943 forming
386 2885 404 2923 a
423 2865 538 2922 mental
561 2865 660 2940 image
683 2864 717 2921 of
737 2865 789 2921 the
812 2866 926 2923 several
948 2867 1109 2925 attributes

59 2966 152 3042 given
176 2965 208 3021 in
233 2983 292 3040 any
312 2962 393 3020 word
419 2981 453 3020 or
479 2961 685 3019 combination
711 2961 745 3017 of
769 2960 876 3018 words.
930 2962 960 3019 It
984 2963 1010 3020 is
1036 2965 1108 3022 thus

58 3061 260 3136 imagination
278 3059 432 3135 relatively
447 3065 478 3116 to
498 3077 516 3116 1
537 3065 673 3133 concept.
717 3057 763 3115 ef.
780 3058 942 3116 Hamilton
962 3078 1001 3116 on
1020 3061 1106 3128 Reid,

56 3176 88 3233 p.
102 3160 170 3216 377.
212 3157 433 3232 Prolegomena
447 3156 569 3232 Logica,
584 3173 614 3230 p.
630 3158 676 3212 24.

97 3254 107 3302 1
127 3254 220 3328 Ipsius
233 3255 354 3311 Natura
368 3253 480 3310 lumine.
523 3251 601 3308 This
617 3249 759 3307 socalled
779 3251 851 3323 liqut
869 3251 903 3321 of
917 3250 1059 3307 caturcis
1075 3251 1105 3307 in

56 3351 144 3408 truth
165 3369 224 3408 one
245 3350 280 3408 of
297 3351 349 3408 the
369 3351 441 3408 laws
463 3349 498 3407 ol
514 3349 654 3425 thought,
676 3347 849 3422 commonly
868 3347 978 3403 known
1000 3364 1033 3403 as
1053 3348 1105 3405 the

57 3445 211 3521 Principle
226 3445 261 3502 of
271 3444 428 3502 Excluded
443 3444 570 3501 Middle.
615 3442 806 3516 (Principiam
817 3442 920 3499 exclusi
935 3442 1026 3497 11111111
1033 3443 1107 3499 inter

56 3545 114 3600 duo
129 3545 371 3617 contradictoria.)

98 3640 110 3674 ¹¹
133 3638 292 3696 “Additur
305 3638 394 3695 tertia
408 3637 543 3712 operatio
563 3653 631 3710 quae
651 3641 699 3692 est
717 3634 882 3700 discursus
899 3633 936 3690 ab
950 3651 1012 3691 uno
1027 3652 1105 3692 com·

56 3735 160 3810 posito
185 3734 231 3791 vel
253 3734 348 3791 diviso
372 3732 410 3789 ad
436 3731 534 3789 aliud:
567 3732 625 3788 hoc
650 3737 754 3787 tamen
779 3728 814 3785 fit
837 3746 893 3802 per
917 3737 1105 3805 argumenta-

55 3833 184 3890 tionem.
215 3832 274 3888 Est
285 3837 386 3887 autem
399 3827 620 3904 argumentatio
632 3825 727 3882 oratio
740 3823 938 3900 significativa
949 3824 1105 3883 discursus

55 3927 184 3985 rationis
210 3926 247 3983 ab
272 3942 335 3982 uuo
357 3923 477 3999 cognito
503 3922 541 3979 ad
566 3919 648 3978 aliud
674 3919 874 3994 incognitum,
895 3918 944 3974 111
968 3938 986 3976 a
1008 3921 1104 3996 magis

56 4024 180 4100 cognito
202 4023 240 4080 ad
264 4023 368 4079 minus
393 4020 558 4096 cognitum.
601 4017 680 4075 Sunt
706 4023 807 4073 autern
833 4016 1104 4091 argumentationis

55 4127 187 4197 quatuor
200 4119 327 4195 species,
343 4117 459 4174 scilicet
473 4114 677 4192 syllogismus,
693 4113 897 4188 enthymema,
912 4111 1058 4177 inducti0,
1074 4117 1104 4168 et

57 4217 259 4293 exemplum.”
300 4215 445 4289 Aquinas,
469 4213 580 4288 Opusc.
601 4210 692 4267 xlviii.
714 4209 814 4266 Tract.
836 4207 873 4264 de
896 4207 969 4282 Syll.
991 4225 1054 4281 cap.
1077 4211 1102 4261 1.
