2768 4876
468 409 697 458 runrmrrsrs.
1038 389 1107 461 123

59 578 159 652 hanc
183 579 333 654 adhibet
357 605 503 655 causam
524 582 811 670 Demonstrati0,
829 592 867 656 et
885 582 1053 674 habetur,
1071 597 1109 661 et

60 703 273 776 nominatur
290 705 491 778 Potissima.
613 784 618 791 ,

112 828 207 900 Sunt
223 828 334 924 igitur
357 853 404 901 ex
428 836 552 902 mente
575 829 798 926 Logicorum
822 833 1107 906 Demonstrandi

60 959 223 1047 quatuor
239 951 339 1024 modi
353 977 362 1037 ;
390 976 549 1047 quorum
564 951 655 1025 alter
673 953 777 1026 alteri
790 955 985 1042 evidentia,
998 956 1109 1029 adeo-

59 1097 134 1171 que
152 1074 342 1170 dignitate,
359 1083 541 1172 praestat‘t
602 1077 705 1149 Valet
723 1076 998 1151 Demonstratio
1020 1078 1109 1150 obli·
1202 1084 1205 1089 ’

58 1221 158 1295 qua3
186 1198 318 1272 Potens
336 1205 393 1271 est
406 1198 580 1295 quaelibet
596 1199 767 1285 Directa;
794 1201 922 1274 Potior
940 1225 1025 1298 quae
1043 1226 1109 1299 per

57 1344 212 1394 causam
245 1321 464 1419 proximam,
499 1319 691 1394 Potissima
731 1346 816 1417 quae
855 1347 921 1420 per
954 1324 1106 1420 primam

57 1447 302 1521 demonstrat.
373 1443 496 1540 Hujus
539 1451 595 1516 est
636 1444 787 1541 vulgata
822 1445 886 1519 illa
919 1447 1107 1532 Definitio,
1116 1473 1165 1519 An.
1176 1472 1247 1520 Post.

55 1569 294 1667 Syllogismm
311 1580 474 1642 mmmm
490 1568 592 1653 veris,
604 1568 743 1665 primis,
759 1570 979 1658 immediatis,
997 1573 1108 1646 motio·
1116 1538 1139 1584 1'
1151 1538 1173 1586 Ἄ
1183 1538 1207 1584 2'

56 1691 170 1778 ribus,
193 1691 398 1788 ¹prioribus,
432 1703 467 1764 et
500 1691 614 1764 causis
653 1692 920 1768 Conclusimis‘.
972 1697 1109 1770 Exem-

57 1815 177 1913 plum,
208 1815 276 1889 nisi
304 1815 400 1888 forte
431 1815 530 1912 apud
562 1814 860 1939 Mathematicoos,
890 1843 937 1892 an
967 1821 1108 1917 uspiam

59 1947 232 2012 occurrat
249 1939 386 2012 nescio.

102 2192 114 2227 ι
136 2181 202 2239 The
215 2180 372 2258 following
385 2182 466 2240 table
481 2199 550 2259 may
564 2182 656 2240 assist
669 2183 722 2241 the
736 2183 864 2241 leamer.

484 2308 675 2358 Demonstratio

224 2372 955 2584 tiissloddT-—L-‘Ho‘pieffiui—ds‘it

126 2603 234 2663 Obliqua
362 2603 468 2652 Direeta
592 2603 650 2651 Non
662 2603 799 2652 Potissima
941 2603 1077 2652 Potissims

56 2681 106 2730 per
117 2667 293 2716 deductionem
610 2681 656 2729 per
666 2682 768 2716 causam
920 2682 971 2729 -per
982 2683 1083 2717 eausam

75 2731 278 2794 adimpossibile
584 2732 792 2793 proximamque
918 2732 1061 2795 proximam
1073 2739 1099 2782 et

594 2810 647 2845 non
658 2801 698 2845 est
707 2797 789 2858 prima
957 2797 1066 2860 primam

222 2893 269 2940 per
277 2878 395 2927 effectum
427 2893 474 2941 per
481 2892 584 2926 seusam

444 2947 568 2991 remotam
594 2996 599 3005 Ι

100 3047 112 3076 r
132 3037 210 3095 This
225 3036 426 3095 definitionis
441 3037 608 3096 translated
626 3037 705 3095 from
717 3037 876 3096 Aristode.
917 3040 1065 3111 Ἀπόδειξιν
1082 3040 1110 3096 δὲ

57 3135 130 3208 λέγω
149 3137 333 3208 συλλογισμὸν
351 3136 553 3206 ἐπιστημονικόν.
592 3134 806 3206 Ἐπιστημονικὸν
823 3137 852 3191 δὲ
870 3135 940 3208 λέγω
958 3136 1013 3191 καθ’
1032 3135 1061 3190 ὃν
1074 3141 1110 3212 τῷ

58 3232 130 3301 ἔχειν
151 3231 228 3284 αι’ττὸν
247 3229 414 3302 ἐπιστάμεθα·
454 3231 486 3284 Ei
511 3231 595 3285 τοίνυν
618 3230 675 3284 ἐστὶ
698 3231 727 3284 τὸ
751 3230 909 3285 ἐπίστασθαι
935 3227 990 3285 οἷον
1011 3229 1109 3298 ἔθεμεν,

58 3324 155 3396 ἀνάγκη
169 3327 210 3380 καὶ
229 3325 276 3396 τὴν
295 3324 472 3394 ἄποδεικτικὴν
491 3322 634 3394 ἐπιστήμην
653 3324 683 3392 ἐξ
702 3323 805 3391 ἀληθῶν
821 3323 843 3378 τ’
863 3320 985 3379 εἶναικαὶ
1002 3326 1111 3397 πρώτων

59 3418 102 3473 καὶ
115 3418 220 3489 ἀμέσων
230 3420 271 3474 καὶ
279 3417 480 3492 γνωριμωτέρων
488 3420 529 3474 καὶ
539 3418 670 3492 προτέρων
680 3419 721 3472 καὶ
730 3417 816 3472 αἰτίων
825 3421 871 3472 τοῦ
882 3418 1109 3491 συμπεράσματος.

58 3509 148 3570 ΑῐιιιΙ.
164 3511 280 3570 Posti.
296 3515 324 3570 2.
340 3515 367 3570 2.
411 3512 470 3570 See
484 3511 610 3581 further,
626 3509 795 3590 Appendix‚
811 3500 884 3568 no'te
898 3511 938 3569 K.
