2768 4876
300 383 322 452 8
693 410 798 459 aeris
817 412 955 462 nocicla

300 581 582 679 excogitassent,
610 596 798 682 praecepta
820 611 888 660 sua
910 589 947 660 in
968 612 1086 661 unum
1103 591 1346 686 compegere3

299 731 501 804 eorumque
528 708 725 782 Scientiam
752 710 877 784 dixere
904 711 1090 810 Logicom,
1116 712 1192 786 sive
1221 714 1347 788 Artem

299 831 502 905 Rationem.

350 957 417 1028 Est
448 958 558 1052 igitur
587 959 739 1057 Logica‚
764 961 835 1032 Ars
864 960 1151 1033 instrumentalis
1186 960 1345 1058 dirigens

299 1091 461 1154 mentem
479 1083 517 1155 in
535 1084 744 1179 cognitione
762 1093 930 1157 rerum¹²:
958 1084 1110 1181 ejusque
1127 1096 1254 1182 partes
1272 1096 1344 1159 tres

336 1308 353 1331 ¹¹²
374 1299 519 1371 Logicom.
562 1307 579 1331 “
590 1298 705 1376 Logica
723 1299 804 1357 dicta
820 1307 868 1357 est
881 1303 932 1357 ἀπὸ
945 1306 991 1357 τοῦ
1003 1304 1094 1374 λόγον.
1134 1306 1219 1375 Λόγος
1233 1299 1344 1375 duplex

295 1399 343 1449 est
363 1392 528 1459 Aristoteli,
550 1399 565 1448 ό
585 1398 638 1450 ἔσω
658 1396 699 1450 καὶ
718 1401 733 1450 ό
752 1398 803 1465 ἔξω
821 1399 908 1470 λόγος,
930 1393 962 1451 id
983 1401 1039 1461 est,
1060 1412 1148 1450 emmo
1170 1396 1300 1453 internus
1318 1406 1343 1453 ct

296 1500 431 1546 extentas.
474 1489 655 1547 Sermonem
675 1491 830 1549 internum
847 1498 933 1549 vocat
950 1495 996 1547 τόν
1014 1495 1042 1549 ἐν
1060 1497 1092 1561 τῇ
1113 1496 1190 1567 ψυχῇ
1210 1497 1301 1568 λόγον,
1315 1492 1345 1551 id

295 1594 350 1652 est,
375 1605 525 1643 samonem
553 1589 601 1660 qai
628 1589 660 1644 ia
687 1589 785 1644 1111110
812 1598 867 1645 ert:
903 1588 1094 1655 Plutarchus
1120 1589 1341 1658 Damasccnns‚

295 1683 406 1757 aliique
431 1682 587 1758 appellant
609 1688 690 1758 λόγον
712 1687 856 1742 ἐνδιάθετον
880 1685 911 1742 id
936 1691 984 1742 est
1005 1705 1157 1743 somonam
1180 1688 1259 1744 intua
1282 1706 1344 1745 con·

294 1789 418 1852 ceptum·
443 1786 473 1836 et
495 1788 662 1846 externum,
683 1783 764 1854 λόγον
782 1786 950 1856 τροφορικόν,
972 1782 1004 1839 id
1025 1788 1080 1849 est,
1094 1801 1247 1839 sennonem
1257 1785 1345 1856 jorae

289 1878 443 1950 prolatam,
467 1878 528 1934 sive
553 1877 798 1952 pronunciatum.
841 1883 921 1952 Λόγος
944 1881 1087 1938 ἐνδιάθετος
1108 1879 1170 1936 sive
1192 1880 1343 1948 internus,

293 1975 372 2032 nihil
387 1982 434 2032 est
448 1974 530 2032 aliud
545 1993 636 2049 quam
657 1973 734 2031 ratio
750 1973 812 2031 sive
827 1974 977 2049 cogitatio,
992 1974 1051 2031 hoc
1065 1979 1126 2042 est,
1136 1977 1214 2033 actio
1229 1978 1344 2036 mentis

293 2091 342 2130 res
357 2073 490 2149 objectas
506 2090 670 2146 earumque
684 2071 811 2128 nomina
825 2072 1034 2147 concipientis
1077 2073 1167 2131 Mens
1179 2074 1265 2131 enim
1279 2094 1344 2133 non

293 2170 393 2226 solum
405 2188 454 2227 res
467 2171 548 2245 ipsas
561 2169 694 2244 concipit
705 2176 795 2242 atque
807 2169 959 2245 intelligit,
970 2168 1025 2226 sed
1036 2169 1186 2227 etidonea
1196 2171 1346 2230 vocabula

293 2268 442 2342 excogitat
453 2265 490 2323 ad
503 2272 667 2339 conceptus
678 2282 750 2321 suos
762 2264 829 2321 aliis
842 2264 1021 2322 indicandos
1031 2271 1121 2340 atque
1130 2267 1345 2341 explicandosz

293 2370 383 2436 atque
404 2363 447 2419 ita
467 2360 694 2436 quodammodo
715 2362 747 2417 in
770 2363 872 2437 seipsa
892 2362 1036 2436 loquitur.
1078 2367 1161 2437 Λόγος
1181 2369 1347 2440 προφορικὸς

292 2466 382 2532 atque
392 2464 543 2523 externus,
555 2462 601 2513 est
611 2457 761 2513 sermonis
770 2458 883 2514 interni
891 2458 1170 2534 cogitationumque
1179 2459 1345 2535 interpres,

291 2563 381 2630 atque
399 2556 447 2631 (ut
462 2555 673 2611 Damescenus
687 2552 830 2626 loquitur,
846 2556 891 2611 lib.
909 2557 936 2612 2.
956 2556 990 2611 de
1010 2554 1091 2612 Oria.
1112 2555 1181 2612 Fit.
1201 2574 1263 2628 cop.
1280 2556 1346 2631 21.)

291 2656 402 2727 ἅγγελος
422 2656 468 2706 τοῦ
488 2652 620 2722 νοήματος,
642 2649 674 2706 id
696 2656 751 2717 est,
772 2652 891 2707 1111001111
912 2651 1099 2723 cogitationis.
1142 2650 1188 2707 Ab
1211 2658 1347 2727 utroque

292 2765 432 2805 sermone
468 2747 620 2822 appellata
647 2753 694 2803 est
724 2747 847 2822 Logica‚
879 2748 1056 2823 (utrumque
1085 2748 1168 2804 enim
1196 2748 1277 2823 regit
1309 2766 1347 2806 ac

291 2843 415 2919 format)
433 2843 486 2901 sed
507 2842 544 2901 ad
564 2844 694 2910 interno,
711 2861 802 2917 quem
816 2844 896 2900 nihil
916 2843 999 2901 aliud
1020 2862 1087 2901 esee
1103 2844 1234 2901 diximus
1249 2863 1345 2920 quam

291 2939 404 2996 mentis
429 2940 579 2997 rationem
605 2940 667 2997 sive
693 2940 918 3015 cogitationem,
947 2941 1100 3015 praecipue
1128 2948 1342 3016 nuncupatur;

291 3036 328 3094 ab
355 3042 478 3093 externo
504 3055 655 3103 sermone,
677 3036 739 3094 sive
764 3036 801 3093 ab
831 3037 976 3104 oratione,
1001 3044 1121 3094 tantum
1150 3037 1342 3095 secundario.

290 3133 404 3211 Logico
416 3135 498 3191 enim
509 3134 588 3211 regit
599 3131 798 3210 cogitationes
810 3134 905 3190 animi
917 3135 1015 3190 nostri
1029 3152 1084 3208 per
1099 3151 1148 3200 se;
1171 3134 1343 3193 orationem

289 3251 354 3289 non
378 3250 495 3307 perse,
519 3232 591 3310 (hoe
614 3232 696 3288 enim
720 3230 934 3288 Grammaticae
958 3229 1113 3306 convenit)
1136 3229 1190 3287 sed
1213 3234 1341 3288 eatenus

291 3336 420 3397 tantum,
436 3337 586 3404 quatenus
601 3329 728 3387 rationis
742 3334 854 3385 nostrae
874 3328 936 3384 sive
956 3328 1174 3403 cogitationum
1190 3327 1343 3402 interpres

293 3428 368 3484 est.''
408 3428 604 3501 Burpersdieii
624 3427 694 3484 laet.
712 3427 785 3499 Lop.
798 3425 817 3481 l.
834 3425 854 3483 i.
871 3442 896 3481 0.
913 3429 939 3480 1.
983 3423 1027 3481 uf.
1048 3423 1139 3481 Arist.
1157 3425 1245 3482 Anat.
1260 3425 1341 3482 Post.

293 3523 319 3578 I.
333 3527 378 3579 10.
393 3525 410 3578 6
443 3527 480 3579 Οὐ
492 3527 557 3597 πρὸς
570 3526 615 3578 τὸν
628 3525 678 3591 ἔξω
691 3523 796 3594 λόγονῆ
807 3523 945 3590 ἀπόδειξις,
957 3522 1101 3595 ἀλλὰπρὸς
1113 3523 1158 3575 τὸν
1171 3522 1198 3576 ἐν
1210 3526 1242 3590 τῇ
1255 3523 1343 3594 ψυχῇ,

294 3621 349 3675 ἐπεὶ
369 3620 428 3673 οὐδὲ
449 3620 637 3690 συλλογισμός.
676 3617 730 3671 Ἀεὶ
749 3619 799 3689 γὰρ
819 3620 892 3672 ἔστιν
911 3618 1029 3686 ἐνστῆναι
1042 3619 1106 3690 πρὸς
1121 3620 1167 3671 τὸν
1184 3617 1234 3684 ἔξω
1253 3620 1342 3690 λόγον,

294 3715 364 3769 ἀλλὰ
376 3715 440 3784 πρὸς
452 3714 497 3766 τὸν
509 3714 563 3766 ἔσω
575 3714 656 3784 λόγον
669 3713 714 3765 οὐκ
727 3711 775 3766 ἀεί.
815 3711 882 3768 The
902 3717 996 3767 terms
1011 3712 1153 3769 ἐνδιάθετος
1167 3708 1227 3766 and
1241 3713 1342 3784 προφσν

293 3805 622 3881 ρικὸς111110011011010
638 3805 806 3880 originated
820 3807 893 3863 with
912 3807 964 3863 the
986 3806 1095 3866 Stoice.
1138 3805 1196 3862 See
1206 3806 1342 3881 Wytten-

294 3900 372 3958 bach
387 3919 427 3958 011
443 3900 594 3966 Plutarch,
607 3900 649 3956 Π.
662 3904 710 3956 44.
723 3900 756 3956 Α.
768 3901 934 3974 (Plutarchi
949 3902 1086 3970 Moralia‚
1099 3902 1156 3959 vol.
1169 3902 1205 3958 vi.
1219 3921 1249 3977 p.
1262 3901 1345 3979 378.)

296 3997 445 4071 Compare
460 3997 574 4063 Prantl,
589 3997 615 4054 I.
629 4015 658 4071 p.
673 4000 743 4065 420,
758 4000 826 4055 507.

334 4104 344 4126 ¹³
366 4095 420 4150 Eat
433 4095 522 4167 igitar
535 4093 649 4167 Lopiea.
693 4094 769 4151 This
784 4094 943 4153 definition
963 4096 989 4152 is
1004 4114 1088 4153 more
1103 4095 1179 4171 fully
1193 4095 1283 4170 given
1302 4094 1343 4170 by

293 4193 513 4276 Burgersdpjcli,
536 4193 606 4251 laet.
629 4194 700 4266 Lop.
718 4194 739 4249 l.
761 4193 863 4250 101.
908 4203 923 4226 “
937 4195 1045 4268 Lepino
1066 4205 1105 4252 est
1126 4213 1173 4250 are
1194 4194 1344 4267 conficiens
