2768 4876
465 400 697 450 auumrmrr.
1058 378 1106 447 43

52 571 237 646 definito:
264 574 352 647 alias
374 598 450 647 non
474 575 633 672 explicat
651 575 812 648 omnino.
864 576 958 648 Dico
981 583 1107 647 tamen

49 719 124 790 per
155 720 204 782 ae,
234 697 320 792 quia
349 722 416 793 per
450 698 608 771 occidens
641 722 689 794 po
691 707 763 771 test
796 697 918 770 minus
954 697 1108 793 intelligi

58 817 162 913 quod
187 820 311 892 notius
336 828 393 892 est
418 844 486 893 sua
510 829 652 894 natura.
704 821 739 893 3.
766 821 819 893 Ut
843 819 946 916 justo
973 843 1107 892 vocum
1117 837 1179 897 101³
1188 837 1233 884 VI·
1242 838 1265 882 2·

57 941 310 1037 propriarum¹¹
338 966 493 1016 numero
523 944 757 1017 absolvatur:
795 967 881 1014 nam
911 966 956 1014 ex
989 903 1180 1025 Metar'op
1188 964 1233 1011 m
1242 966 1267 1011 2.

58 1063 185 1159 phoris
203 1065 319 1138 oritur
335 1067 567 1164 ambiguitas,
585 1092 632 1140 ex
650 1068 763 1141 nimia
782 1067 960 1140 brevitate
978 1067 1109 1139 obscu-

58 1185 224 1279 ritaaex
242 1187 453 1284 prolixitate
470 1189 649 1263 confusio.

1117 1029 1267 1077 a...1v34.

58 1435 135 1495 than
150 1437 203 1495 the
217 1438 371 1511 limitum,
387 1439 505 1516 though
523 1441 585 1498 less
599 1440 633 1497 in
647 1439 920 1514 comprehension;
943 1457 977 1497 as
991 1458 1041 1498 are
1057 1440 1108 1498 tho

59 1550 159 1611 genus
174 1532 235 1591 and
249 1533 428 1602 differentia,
441 1553 474 1593 as
486 1535 648 1611 compared
658 1535 731 1592 with
746 1535 798 1592 tho
813 1535 940 1609 speeies,
981 1535 1043 1592 For
1057 1535 1109 1592 the

57 1650 147 1690 moro
156 1631 309 1690 universal
317 1632 440 1690 notions
449 1651 499 1691 are
508 1639 688 1710 γνωριμώτερα
696 1633 786 1706 φύσει,
797 1632 915 1708 though
926 1631 1110 1690 individuals

58 1728 124 1787 and
142 1729 234 1786 lower
252 1729 369 1803 speeies
389 1747 439 1786 are
457 1735 638 1805 γνωριμώτερα
651 1731 718 1801 ἡμῖν.
761 1727 820 1785 See
834 1729 891 1785 An.
906 1729 988 1785 Post
1003 1729 1022 1786 i.
1038 1733 1064 1785 2.
1082 1732 1108 1786 t.

58 1821 194 1898 Top.'vi.
207 1826 237 1880 4.
252 1826 279 1889 7,
296 1825 323 1881 9.

99 1931 113 1955 ¹²
136 1919 238 1977 Vooum
251 1921 452 1993 propriorum
472 1920 492 1976 i.
507 1938 534 1977 e.
550 1917 648 1976 words
668 1918 701 1974 in
719 1934 862 1974 common
881 1934 945 1983 uso,
962 1914 1059 1973 called
1078 1916 1111 1973 in

56 2016 115 2074 the
129 2015 282 2084 Rhetoria
301 2016 357 2089 (iii.
373 2020 401 2084 2,
413 2020 456 2090 a.)
470 2017 544 2092 κύρια
557 2019 678 2088 ὀνόματα,
689 2014 708 2069 i.
721 2031 747 2070 e.
758 2014 921 2070 sonatioaed
934 2012 974 2088 by
984 2013 1114 2086 popular

57 2128 134 2179 uso;
157 2119 174 2144 ‘⁴
186 2129 278 2186 quem
291 2129 387 2186 penes
402 2112 561 2170 arbitrium
581 2116 628 2167 est
647 2115 678 2167 ot
692 2109 745 2185 jus
765 2115 796 2166 et
814 2126 923 2166 norma
940 2107 1115 2182 loquendi.”

59 2207 109 2268 Of.
131 2209 215 2266 Poet.
237 2211 285 2266 21.
308 2211 335 2266 ὖ.
355 2211 426 2284 λέγω
447 2213 475 2267 δὲ
495 2209 581 2284 κύριον
599 2209 646 2279 μὲν
664 2204 686 2283 ᾦ
704 2213 816 2280 χρῶνται
836 2207 949 2263 ἕκαστοι.
997 2205 1036 2262 In
1061 2206 1113 2264 the

59 2304 186 2380 Topica,
208 2305 262 2383 (vi.
281 2308 308 2363 2.
329 2304 371 2381 4.)
393 2306 464 2381 they
485 2322 536 2362 are
558 2302 656 2361 called
676 2302 839 2359 established
860 2319 976 2369 names,
999 2300 1114 2376 (κείμενα

58 2403 198 2474 ὀνόματα.)
