2768 4876
578 384 807 435 numanum.
1170 364 1218 435 63

222 535 369 627 Ceterae
385 555 677 645 Conversiones‘,
692 583 776 632 cum
791 560 864 634 sint
876 561 1008 658 partim
1023 560 1218 656 arnbiguae,

168 677 305 774 partim
332 678 446 767 falsae,
466 681 599 778 partim
627 681 674 754 ad
700 692 886 781 praecepta
913 684 1217 782 Syllogismorum

115 908 118 931 ι
167 800 332 890 inutileS,
348 803 385 876 in
405 805 544 902 Logica
561 807 826 904 negliguntmt

167 1075 310 1149 Virqc'lius
332 1087 371 1133 cst
394 1077 504 1144 Poeto,·
532 1095 603 1155 ergo
627 1081 739 1154 Aliquis
763 1080 854 1138 Poeta
878 1090 916 1136 cst
943 1080 1086 1153 Virqilias.
1128 1080 1216 1146 Item,

166 1171 308 1246 Virqilius
323 1192 382 1230 non
399 1184 439 1231 cst
458 1175 591 1240 Graiam
612 1194 684 1253 ergo
703 1178 809 1235 Nullus
830 1176 992 1235 Grecorum
1012 1186 1050 1244 cst
1073 1178 1216 1250 Virqilias.

162 1266 269 1342 Atque
283 1269 316 1325 in
331 1269 398 1326 aliis
413 1271 562 1328 similiter.

208 1363 276 1421 “Si
291 1371 391 1422 autem
408 1366 604 1425 Concertcocla
617 1369 834 1443 propositionis
848 1369 1040 1432 Prodicatvot
1057 1368 1097 1425 sit
1110 1368 1215 1425 Indici-

162 1460 265 1527 duum,
275 1461 491 1538 (quodcunque
499 1464 641 1522 habuerit
649 1465 852 1542 Subjeotum)
863 1466 1051 1524 Convertuntc‘s
1060 1464 1216 1539 Subjcctam

162 1556 293 1633 (quippe
307 1558 389 1632 quod
403 1558 502 1617 fuerat
515 1560 712 1619 Convertenclae
726 1560 928 1635 Prodicetvm)
941 1561 1124 1619 Indinduum
1141 1561 1214 1626 orit;

164 1660 330 1728 propterea
348 1661 379 1712 et
398 1655 569 1731 Propositio
585 1657 751 1714 Convertere
773 1658 875 1734 (siqua
895 1657 949 1732 sit)
969 1657 1141 1714 necessario
1159 1658 1216 1714 erit

165 1747 340 1824 Sisquloria
356 1751 491 1826 adeoque
510 1753 704 1810 Urciccrsolis.”
746 1753 804 1810 See
824 1754 888 1811 also
907 1752 1009 1810 Reid’s
1027 1753 1147 1820 WorlrS,
1168 1753 1214 1810 ed⁴

168 1844 340 1914 Hamilton,
356 1866 385 1923 p.
402 1850 469 1908 ott.

209 1940 350 2001 foaeerae
370 1945 564 2001 conversiones.
606 1945 667 2001 For
688 1943 740 2000 the
760 1942 876 2000 benefit
896 1941 930 1999 of
946 1944 999 2000 the
1021 1944 1151 2008 curicus,
1174 1962 1215 2001 we

167 2044 261 2111 quote
275 2038 327 2096 the
341 2037 512 2115 following:
536 2048 553 2072 “
566 2041 642 2097 Tres
657 2039 749 2114 igitur
763 2045 836 2095 sunt
849 2037 974 2096 famosae
989 2039 1070 2113 apud
1085 2039 1215 2114 Logicos

167 2133 376 2190 conversionis
398 2132 525 2209 species.
568 2135 646 2192 Dico
667 2133 801 2201 famosa,
823 2135 967 2208 quoniam
989 2135 1131 2192 nonnulli
1153 2153 1214 2192 mo-

168 2228 257 2286 derni
271 2230 453 2288 invenerunt
467 2231 543 2288 duas
558 2232 632 2289 alias
647 2230 852 2288 conversionis
870 2229 996 2305 spelieS,
1011 2249 1139 2304 quarum
1154 2249 1216 2288 nna

168 2332 217 2384 est
231 2328 385 2385 conversio
400 2328 645 2403 propositionum
663 2327 779 2384 nullius
800 2327 986 2401 quantitatis,
1002 2334 1037 2383 ut
1055 2326 1215 2384 exclusivae

167 2428 201 2479 et
226 2422 461 2497 reduplicativae.
502 2423 582 2481 Nam
611 2424 654 2481 sio
682 2424 867 2495 convertitur
894 2424 1061 2490 exclusiva;
1094 2431 1215 2480 tantum

167 2519 261 2576 homo
277 2527 324 2576 est
342 2520 508 2587 rationalis,
523 2539 614 2578 omne
634 2520 781 2578 rationale
800 2527 847 2577 est
866 2520 976 2577 homo:
998 2519 1216 2594 reduplicativa

166 2621 270 2671 autem
286 2615 329 2672 sic
343 2616 542 2673 convertitur:
565 2616 658 2673 homo
673 2617 705 2673 in
721 2621 868 2689 quantum
883 2616 976 2673 homo
988 2621 1035 2672 est
1046 2614 1213 2680 rationalis,

166 2710 315 2768 rationale
330 2718 377 2769 est
394 2712 487 2769 homo
506 2713 538 2768 in
559 2720 705 2786 quantum
727 2712 829 2770 homo.
870 2711 949 2769 Item
969 2712 1213 2786 propositionum

165 2805 344 2875 modalium,
360 2815 395 2865 ut
414 2809 571 2865 hominem
594 2826 661 2865 esse
683 2807 785 2865 album
808 2815 855 2864 est
875 2808 1029 2882 possibile,
1052 2825 1123 2884 ergo
1146 2826 1212 2882 pos·

166 2902 256 2960 sibile
282 2910 329 2960 est
346 2904 505 2961 hominem
531 2922 598 2961 esse
623 2905 736 2962 album.
777 2904 857 2960 Item
882 2904 934 2960 alii
958 2904 1116 2980 imaginati
1141 2911 1214 2961 sunt

166 2997 243 3056 duas
269 2998 343 3057 alias
366 3001 493 3074 sperica,
534 3000 637 3057 Prima
661 3009 708 3058 est
730 2999 851 3075 quando
876 3007 1011 3057 mutatur
1032 3000 1161 3074 qualitas
1183 3008 1214 3057 et

164 3113 228 3152 non
243 3097 405 3170 quantitas,
421 3105 456 3154 ut
468 3097 535 3164 hic;
558 3097 766 3155 omnishomo
787 3104 834 3154 est
853 3097 974 3163 animal,
991 3115 1082 3154 omne
1100 3096 1214 3153 animal

163 3209 228 3249 non
250 3193 418 3250 esthemo.
461 3193 603 3251 Secunda
627 3201 674 3250 est
698 3193 820 3267 quando
844 3198 981 3249 mutatur
1004 3193 1158 3265 quantitas
1183 3199 1214 3249 et

165 3289 304 3364 qualitas,
320 3297 354 3347 ut
367 3291 434 3357 hic;
457 3291 665 3349 omnishomo
680 3297 727 3347 est
746 3289 868 3354 animal,
884 3288 1007 3362 aliquod
1022 3287 1135 3343 animal
1149 3306 1213 3344 non

164 3392 213 3444 est
226 3386 329 3444 homo·
369 3387 483 3444 Verum
499 3388 570 3462 quia
588 3385 765 3463 hujusmodi
785 3384 998 3442 conversiones
1015 3401 1078 3440 non
1093 3383 1212 3440 suntin

162 3500 232 3550 usu,
247 3501 305 3540 nec
319 3483 408 3541 nobis
423 3483 598 3542 deserviunt
610 3503 665 3558 pro
680 3481 857 3540 reductione
873 3480 1127 3557 syllogismorum,
1143 3480 1212 3538 ideo

163 3578 397 3636 immorabimur
411 3580 490 3637 circa
507 3581 637 3655 primam
658 3586 689 3637 et
707 3577 872 3636 secundam
893 3577 1035 3652 speciem,
1050 3584 1211 3653 tangentes

161 3676 295 3734 breviter
316 3676 354 3734 de
375 3679 472 3745 tertia,
488 3679 631 3735 omnibus
653 3677 721 3735 aliis
742 3677 883 3734 relictis”
922 3675 1066 3742 lavellus,
1082 3674 1120 3732 de
1141 3675 1211 3732 Pro·

162 3773 326 3848 positione,
341 3792 405 3848 cap.
421 3775 451 3830 ii.

203 3880 215 3914 Β
236 3869 268 3925 Is
283 3869 335 3926 the
347 3887 490 3927 converse
502 3888 541 3927 an
552 3868 705 3926 inference
716 3867 794 3926 from
807 3868 858 3925 the
870 3867 999 3943 original
1010 3866 1209 3941 proposition,

162 3982 206 4032 or,
228 3983 261 4022 as
283 3965 424 4041 Whately
446 3983 524 4041 says,
538 3964 591 4021 the
613 3983 696 4022 same
717 3963 882 4040 judgment
904 3964 938 4018 in
962 3962 1090 4019 another
1110 3961 1210 4017 form?

162 4062 241 4120 This
261 4080 320 4120 was
342 4080 382 4118 an
403 4061 484 4136 early
503 4061 591 4135 point
611 4059 645 4117 of
662 4060 783 4135 disputo
805 4077 917 4134 among
938 4059 991 4115 the
1014 4057 1207 4115 Sohoolmen.

162 4158 221 4217 See
242 4159 357 4216 Albert.
379 4159 411 4215 in
433 4158 519 4215 Anal.
541 4157 589 4214 Pr.
611 4157 711 4214 Tract.
733 4157 752 4213 i.
775 4175 838 4230 cap.
861 4159 887 4212 8.
931 4154 1075 4212 Aristotle
1098 4153 1209 4226 clearly
